<?xml version="1.0" encoding="UTF-8"?><collection xmlns="http://www.loc.gov/MARC21/slim"><record><leader>00386nam--2200145-i-4500</leader><controlfield tag="001">000019459</controlfield><controlfield tag="002">20161230</controlfield><controlfield tag="005">20161230201033</controlfield><controlfield tag="008">060222s1000------------r-----000-0-eng-d</controlfield><datafield ind1=" " ind2=" " tag="080"><subfield code="a">621.375.826(061.3)</subfield></datafield><datafield ind1=" " ind2=" " tag="100"><subfield code="a">Mosher, Anne</subfield></datafield><datafield ind1=" " ind2=" " tag="245"><subfield code="a">Fundamental and applied laser physics</subfield></datafield><datafield ind1=" " ind2=" " tag="260"><subfield code="a">New York, John Wiley &amp; Sons, 1973. Xiii+952 P</subfield></datafield><datafield ind1=" " ind2=" " tag="700"><subfield code="a">Feld, Michael/S.A.</subfield></datafield><datafield ind1=" " ind2=" " tag="852"><subfield code="a">39937</subfield></datafield></record></collection>